@article{hinton1995wake,
  title={The ``wake-sleep'' algorithm for unsupervised neural networks},
  author={Hinton, Geoffrey E and Dayan, Peter and Frey, Brendan J and Neal, Radford M},
  journal={Science},
  volume={268},
  number={5214},
  pages={1158--1161},
  year={1995},
  publisher={American Association for the Advancement of Science},
  howpublished={\url{http://www.gatsby.ucl.ac.uk/~dayan/papers/hm95.pdf}},
}

@article{dayan2000helmholtz,
  title={Helmholtz machines and wake-sleep learning},
  author={Dayan, Peter},
  journal={Handbook of Brain Theory and Neural Network. MIT Press, Cambridge, MA},
  volume={44},
  number={0},
  year={2000},
  howpublished={\url{http://www.gatsby.ucl.ac.uk/~dayan/papers/d2000a.pdf}},
}

@article{kingma2013auto,
  title={Auto-encoding variational bayes},
  author={Kingma, Diederik P and Welling, Max},
  journal={arXiv preprint arXiv:1312.6114},
  year={2013}
}

@article{doersch2016tutorial,
  title={Tutorial on variational autoencoders},
  author={Doersch, Carl},
  journal={arXiv preprint arXiv:1606.05908},
  year={2016}
}